% Background & Problem Statement

@misc{FineGardening,
  title={Old Farmer’s Almanac is Still Useful and Entertaining},
  author={Torpey, J.},
  year={2013},
  url={https://www.finegardening.com/article/old-farmers-almanac-is-still-useful-and-entertaining},
}

@misc{ISPA,
  title={Precision Ag Definition},
  author={{International Society of Precision Agriculture}},
  year={2024},
  url={https://www.ispag.org/about/definition},
}

@misc{EOS,
  title={Weather In Agriculture: Accuracy Promotes Success},
  author={Ivanchuk, N.},
  year={2023},
  url={https://eos.com/blog/weather-in-agriculture/},
}

@misc{JohnDeere,
  title={John Deere Mobile Weather},
  author={{West Central Equipment}},
  year={2024},
  url={https://www.westcentraleq.com/Precision-Ag-Solutions/Field-&-Crop-Solutions/John-Deere-Mobile-Weather},
}

@misc{CNBC,
  title={Deep freeze damages California citrus crop},
  author={Gorman, S.},
  year={2013},
  url={https://www.cnbc.com/2013/12/12/deep-freeze-damages-california-citrus-crop.html},
}

@misc{Orange,
    title = {Frozen oranges with misters running to avoid as much damage as possible during a cold snap affecting the San Joaquin Valley citrus crop, Dec. 6, 2013 in Traver, Calif.},
    author = {Kazanjian, G.},
    medium = image,
    year = 2013,
    note = {Photograph},
    url = {https://image.cnbcfm.com/api/v1/image/101269478-AP825382342750r.jpg?v=1386881416&w=740&h=416&ffmt=webp&vtcrop=y}
}

% Approach
@inbook{UIUC,
    author = {Ford, T. and Angel, J.},
    title = {Weather, Climate, \& Agriculture},
    publisher = {University of Illinois Urbana-Champaign College of Agricultural, Consumer \& Environmental Sciences},
    year = 2021,
    chapter = 1,
    url = {https://extension.illinois.edu/sites/default/files/iah_-_weather_climate_and_agriculture.pdf}
}

@inbook{ISWS,
    author = {Hollinger, S.},
    title = {Weather and Crops},
    publisher = {Illinois State Water Survey Institute of Natural Resources Sustainability},
    year = 2012,
    chapter = 1,
    url = {http://extension.cropsciences.illinois.edu/handbook/pdfs/chapter01.pdf}
}

@article{RemoteSens,
    author = {Qian, Y. and Yang, Z. and Di, L. and Rahman, S. and Tan, Z. and Xue, L. and Gao, F. and Yu, E. and Zhang, X.},
    title = {Crop Growth Condition Assessment at County Scale Based on Heat-Aligned Growth Stages},
    journal = {Remote Sensing},
    year = 2019,
    url = {https://www.mdpi.com/2072-4292/11/20/2439}
}

@article{Sustainability,
    author = {Yin, J. and Wei, D.},
    title = {Study on the Crop Suitability and Planting Structure Optimization in Typical Grain Production Areas under the Influence of Human Activities and Climate Change: A Case Study of the Naoli River Basin in Northeast China},
    journal = {Coupling and Coordinated Development of Land Use, Ecological Environment, and Sustainable Food Production},
    year = 2023,
    url = {https://www.mdpi.com/2071-1050/15/22/16090}
}

% Data
@misc{NASS-CDL,
    title={Cropland Data Layer},
    author={{National Agricultural Statistics Service}},
    shortauthor = {NASS},
    year={2024},
    date = {01/31/2024},
    publisher = {United States Department of Agriculture NASS Marketing and Information Services Office},
    city = {Washington, D.C.},
    url={https://croplandcros.scinet.usda.gov/},
}

@misc{NOAA-NCEI,
    title={Global Surface Summary of Day (GSOD) Data},
    author={{National Centers for Environmental Information}},
    shortauthor = {NCEI},
    year={2020},
    date = {10/28/2024},
    publisher = {National Oceanic and Atmospheric Administration},
    city = {Asheville},
    url={https://www.ncei.noaa.gov/access/search/data-search/global-summary-of-the-day},
}

@misc{NOAA-NCDC,
    title={Storm Events Database},
    author={{National Climatic Data Center}},
    shortauthor = {NCDC},
    year={2023},
    date = {06/23/2023},
    publisher = {National Oceanic and Atmospheric Administration},
    city = {Asheville},
    url={https://www.ncei.noaa.gov/metadata/geoportal/rest/metadata/item/gov.noaa.ncdc:C00510/html},
}

@misc{TIGER,
    title={TIGER/Line Shapefiles},
    author={{U.S. Census Bureau}},
    year=2024,
    city = {Washington, D.C.},
    url={https://www.census.gov/geographies/mapping-files/time-series/geo/tiger-line-file.html}
}

@misc{FL-Ag,
    title={Florida Agriculture Overview and Statistics},
    author={{Florida Department of Agriculture and Consumer Services}},
    shortauthor = {FDACS},
    year=2023,
    publisher = {{Florida Department of Agriculture and Consumer Services}},
    city = {Tallahassee},
    url={https://www.fdacs.gov/Agriculture-Industry/Florida-Agriculture-Overview-and-Statistics},
}

@techreport{CA-Ag,
    author = {{California Department of Food \& Agriculture}},
    title = {California Agricultural Statistics Review},
    institution = {{California Department of Food \& Agriculture}},
    year = 2022,
    url = {https://www.cdfa.ca.gov/Statistics/PDFs/2022_Ag_Stats_Review.pdf}
}

@misc{Stacker,
    title={Most valuable crops grown in Florida},
    author={Stacker},
    year=2022,
    url={https://stacker.com/florida/most-valuable-crops-grown-florida},
}

@misc{FGS,
    title={Top 10 Agricultural Commodities In California},
    author={{Fruit Growers Supply News}},
    shortauthor = {FGS},
    year=2020,
    url={https://fruitgrowers.com/top-10-agricultural-commodities-in-california/},
}

@misc{FarmingWork.com,
    title={From Almonds to Oranges: Exploring California’s Top 10 Crops},
    author={James, N.},
    year=2024,
    url={https://farmingwork.com/blog/from-almonds-to-oranges-exploring-californias-top-10-crops/s},
}

% Models
@article{Horticulturae,
    author = {Ferrante, A. and Mariani, L.},
    title = {Agronomic Management for Enhancing Plant Tolerance to Abiotic Stresses: High and Low Values of Temperature, Light Intensity, and Relative Humidity},
    journal = {Horticulturae},
    year = 2018,
    url = {https://doi.org/10.3390/horticulturae4030021}
}